@misc{jade,
  author = {Telecom Italia},
  title = {JAVA Agent DEvelopment Framework},
  howpublished = "\url{http://jade.tilab.com/}",
  year = {2016}, 
  note = "[Online; accessed 11-Nov-2016]"
}
@misc{jade_tutorial,
  author = {Giovanni Caire},
  title = {JADE Turorial},
  howpublished = "\url{http://jade.tilab.com/doc/tutorials/JADEProgramming-Tutorial-for-beginners.pdf}",
  year = {2009}, 
  note = "[Online; accessed 12-Nov-2016]"
}
@book{coursebook,
 author = {Woolridge, Michael and Wooldridge, Michael J.},
 title = {Introduction to Multiagent Systems, 2nd Edition},
 year = {2009},
 isbn = {0470519460},
 publisher = {John Wiley \& Sons, Inc.},
 address = {New York, NY, USA},
}