@article{wooldrigde_jennings,
 author = {Wooldridge, Michael and Jennings, Nicholas R. and Kinny, David},
 title = {The Gaia Methodology for Agent-Oriented Analysis and Design},
 journal = {Autonomous Agents and Multi-Agent Systems},
 issue_date = {September 2000},
 volume = {3},
 number = {3},
 month = sep,
 year = {2000},
 issn = {1387-2532},
 pages = {285--312},
 numpages = {28},
 url = {http://dx.doi.org/10.1023/A:1010071910869},
 doi = {10.1023/A:1010071910869},
 acmid = {608654},
 publisher = {Kluwer Academic Publishers},
 address = {Hingham, MA, USA},
 keywords = {agent-oriented, analysis and design, methodologies, software engineering},
}