@misc{jade,
  author = {Telecom Italia},
  title = {JAVA Agent DEvelopment Framework},
  howpublished = "\url{http://jade.tilab.com/}",
  year = {2016}, 
  note = "[Online; accessed 11-Nov-2016]"
}