@misc{jade,
  author = {Telecom Italia},
  title = {JAVA Agent DEvelopment Framework},
  howpublished = "\url{http://jade.tilab.com/}",
  year = {2016}, 
  note = "[Online; accessed 11-Nov-2016]"
}
@misc{fipa_dutch,
  author = {Foundation for Intelligent Physical Agents},
  title = {FIPA Dutch Auction Interaction Protocol Specification },
  howpublished = "\url{http://www.fipa.org/specs/fipa00032/XC00032F.pdf}",
  year = {2001}, 
  note = "[Online; accessed 18-Nov-2016]"
}

@misc{jade_tutorial,
  author = {Giovanni Caire},
  title = {JADE Turorial},
  howpublished = "\url{http://jade.tilab.com/doc/tutorials/JADEProgramming-Tutorial-for-beginners.pdf}",
  year = {2009}, 
  note = "[Online; accessed 12-Nov-2016]"
}
@book{coursebook,
 author = {Woolridge, Michael and Wooldridge, Michael J.},
 title = {Introduction to Multiagent Systems, 2nd Edition},
 year = {2009},
 isbn = {0470519460},
 publisher = {John Wiley \& Sons, Inc.},
 address = {New York, NY, USA},
}
@misc{jade_tutorial2,
  author = {Jean Vaucher and Ambroise Ncho},
  title = {JADE Tutorial and Primer},
  howpublished = "\url{http://www.iro.umontreal.ca/~vaucher/Agents/Jade/JadePrimer.html}",
  year = 2003, 
  note = "[Online; accessed 26-Nov-2016]"
}